<record><leader>00000cas a22000007a 4500</leader><controlfield tag="001">9742202</controlfield><controlfield tag="008">830726d19061916ksuwr ne      0    0eng d</controlfield><datafield ind1=" " ind2=" " tag="010"><subfield code="a">sn 83040416 </subfield></datafield><datafield ind1=" " ind2=" " tag="040"><subfield code="a">KSH</subfield><subfield code="b">eng</subfield><subfield code="c">KSH</subfield><subfield code="d">NPT</subfield><subfield code="d">OCLCQ</subfield></datafield><datafield ind1=" " ind2=" " tag="042"><subfield code="a">msc</subfield></datafield><datafield ind1=" " ind2=" " tag="043"><subfield code="a">n-us-ks</subfield></datafield><datafield ind1="0" ind2=" " tag="130"><subfield code="a">Uniontown cicerone (Uniontown, Kan. : 1906)</subfield></datafield><datafield ind1="1" ind2="4" tag="245"><subfield code="a">The Uniontown cicerone.</subfield></datafield><datafield ind1=" " ind2=" " tag="260"><subfield code="a">Uniontown, Kan. :</subfield><subfield code="b">H.M. &amp; Minnie A. Brainerd</subfield></datafield><datafield ind1=" " ind2=" " tag="300"><subfield code="a">v. :</subfield><subfield code="b">ill. ;</subfield><subfield code="c">50 cm.</subfield></datafield><datafield ind1=" " ind2=" " tag="310"><subfield code="a">Weekly</subfield></datafield><datafield ind1="1" ind2=" " tag="362"><subfield code="a">Began in 1906.</subfield><subfield code="z">Cf. Ayer, 1908.</subfield></datafield><datafield ind1="1" ind2=" " tag="362"><subfield code="a">Ceased in Aug. 1916.</subfield></datafield><datafield ind1=" " ind2=" " tag="500"><subfield code="a">Editors: H.M. Brainerd; Minnie A. Brainerd.</subfield></datafield><datafield ind1=" " ind2=" " tag="588"><subfield code="a">Description based on: V. 6, no. 50 (Nov. 10, 1911).</subfield></datafield><datafield ind1="1" ind2=" " tag="700"><subfield code="a">Brainerd, H. M.</subfield></datafield><datafield ind1="1" ind2=" " tag="700"><subfield code="a">Brainerd, Minnie A.</subfield></datafield><datafield ind1=" " ind2=" " tag="752"><subfield code="a">United States</subfield><subfield code="b">Kansas</subfield><subfield code="c">Bourbon</subfield><subfield code="d">Uniontown.</subfield></datafield><datafield ind1="0" ind2="7" tag="785"><subfield code="t">Redfield ledger</subfield><subfield code="w">(DLC)sn 83040275</subfield></datafield><datafield ind1="0" ind2="7" tag="785"><subfield code="t">Uniontown cicerone and the Redfield ledger</subfield><subfield code="w">(DLC)sn 83040410</subfield></datafield><datafield ind1="1" ind2=" " tag="029"><subfield code="a">AU@</subfield><subfield code="b">000025796315</subfield></datafield></record>